<record><leader>00000cas a2200000 a 4500</leader><controlfield tag="001">34345374</controlfield><controlfield tag="008">960312c19959999iluwr ne      0   a0eng c</controlfield><datafield ind1=" " ind2=" " tag="010"><subfield code="a">sn 96003232 </subfield></datafield><datafield ind1=" " ind2=" " tag="040"><subfield code="a">NSD</subfield><subfield code="b">eng</subfield><subfield code="c">NSD</subfield><subfield code="d">CVF</subfield><subfield code="d">OCLCQ</subfield><subfield code="d">NVF</subfield><subfield code="d">OCLCO</subfield></datafield><datafield ind1=" " ind2=" " tag="012"><subfield code="m">1</subfield></datafield><datafield ind1="1" ind2=" " tag="022"><subfield code="a">1087-5328</subfield><subfield code="l">1087-5328</subfield><subfield code="2">1</subfield></datafield><datafield ind1="1" ind2=" " tag="029"><subfield code="a">AU@</subfield><subfield code="b">000012364719</subfield></datafield><datafield ind1=" " ind2=" " tag="032"><subfield code="a">002910</subfield><subfield code="b">USPS</subfield></datafield><datafield ind1=" " ind2=" " tag="037"><subfield code="b">Pioneer Press, 3701 West Lake Ave., Glenview, IL 60025</subfield><subfield code="c">$18.95</subfield></datafield><datafield ind1=" " ind2=" " tag="042"><subfield code="a">nsdp</subfield><subfield code="a">pcc</subfield></datafield><datafield ind1=" " ind2=" " tag="043"><subfield code="a">n-us-il</subfield></datafield><datafield ind1=" " ind2="0" tag="222"><subfield code="a">Edison-Norwood times review</subfield></datafield><datafield ind1="0" ind2="0" tag="245"><subfield code="a">Edison-Norwood times review.</subfield></datafield><datafield ind1="3" ind2=" " tag="246"><subfield code="a">Edison Norwood times review</subfield></datafield><datafield ind1=" " ind2=" " tag="260"><subfield code="a">Glenview, Ill. :</subfield><subfield code="b">Pioneer Press,</subfield><subfield code="c">1995-</subfield></datafield><datafield ind1=" " ind2=" " tag="300"><subfield code="a">v.</subfield></datafield><datafield ind1=" " ind2=" " tag="310"><subfield code="a">Weekly,</subfield><subfield code="b">June 8, 1995-</subfield></datafield><datafield ind1=" " ind2=" " tag="321"><subfield code="a">Weekly (except semiweekly in Mar., June, and Sept.),</subfield><subfield code="b">Mar. 2-June 1, 1995</subfield></datafield><datafield ind1="0" ind2=" " tag="362"><subfield code="a">Mar. 2, 1995-</subfield></datafield><datafield ind1=" " ind2="0" tag="650"><subfield code="a">Community newspapers</subfield><subfield code="z">Illinois</subfield><subfield code="z">Chicago.</subfield></datafield><datafield ind1=" " ind2="0" tag="651"><subfield code="a">Norwood Park (Chicago, Ill.)</subfield><subfield code="v">Newspapers.</subfield></datafield><datafield ind1=" " ind2="0" tag="651"><subfield code="a">Edison Park (Chicago, Ill.)</subfield><subfield code="v">Newspaper.</subfield></datafield><datafield ind1=" " ind2=" " tag="752"><subfield code="a">United States</subfield><subfield code="b">Illinois</subfield><subfield code="c">Cook</subfield><subfield code="d">Glenview.</subfield></datafield><datafield ind1="0" ind2="0" tag="780"><subfield code="t">Edison-Norwood edition of the Times review</subfield><subfield code="x">0895-0091</subfield><subfield code="w">(DLC)sn 87001471</subfield><subfield code="w">(OCoLC)16402270</subfield></datafield></record>